@misc{NLTK,
        author  = {NLTK Project},
        title   = {Documentation},
        note    = {\url{https://www.nltk.org/}},
        year    = {2022}
}