@book{緑本,
author = "久保隆宏",

title = "Pythonで学ぶ強化学習[改訂第2版] 入門から実践まで",

publisher = "講談社",

year = 2019,

}
@ARTICLE{DQN,
       author = {{Wang}, Ziyu and {Schaul}, Tom and {Hessel}, Matteo and {van Hasselt}, Hado and {Lanctot}, Marc and {de Freitas}, Nando},
        title = "{Dueling Network Architectures for Deep Reinforcement Learning}",
      journal = {arXiv e-prints},
     keywords = {Computer Science - Machine Learning},
         year = 2015,
        month = nov,
          eid = {arXiv:1511.06581},
        pages = {arXiv:1511.06581},
archivePrefix = {arXiv},
       eprint = {1511.06581},
 primaryClass = {cs.LG},
       adsurl = {https://ui.adsabs.harvard.edu/abs/2015arXiv151106581W},
      adsnote = {Provided by the SAO/NASA Astrophysics Data System}
}