@misc{macro,
        author  = {静かなる名辞},
        title   = {【python】分類タスクの評価指標の解説とsklearnでの計算方法},
        note    = {\url{https://www.haya-programming.com/entry/2018/03/14/112454}},
        year    = {2018-03-14}
}