@article{1,
  title={不完全情報ゲームにおける強化学習を用いた戦略の構築とその分析},
  author={阿部 慎太郎 and 竹川 高志},
  journal={人工知能学会全国大会論文集},
  volume={JSAI2022},
  number={ },
  pages={4E1GS201-4E1GS201},
  year={2022},
  doi={10.11517/pjsai.JSAI2022.0_4E1GS201}
}
@article{2,
  title={ディジタルゲームにおけるメタAI-キャラクターAI-スペーシャルAI 動的連携モデル},
  author={三宅 陽一郎},
  journal={人工知能学会全国大会論文集},
  volume={JSAI2020},
  number={ },
  pages={1P4GS701-1P4GS701},
  year={2020},
  doi={10.11517/pjsai.JSAI2020.0_1P4GS701}
}